@article{Abe:2014dyd,
      author         = "Abe, K. and others",
      title          = "{Measurement of the neutrino-oxygen neutral-current
                        interaction cross section by observing nuclear
                        de-excitation $\gamma$-rays}",
      collaboration  = "T2K Collaboration",
      journal        = {Phys. Rev. D},
      volume         = {90},
      issue          = {7},
      pages          = {072012},
      numpages       = {11},
      year           = "2014",
      eprint         = "1403.3140",
      archivePrefix  = "arXiv",
      primaryClass   = "hep-ex",
      SLACcitation   = "%%CITATION = ARXIV:1403.3140;%%",
}

@article{Abe:2014usb,
      author         = "Abe, K. and others",
      title          = "{Measurement of the intrinsic electron neutrino component
                        in the T2K neutrino beam with the ND280 detector}",
      collaboration  = "T2K Collaboration",
      journal        = {Phys. Rev. D},
      volume         = {89},
      issue          = {9},
      pages          = {092003},
      numpages       = {18},
      year           = {2014},
      eprint         = "1403.2552",
      archivePrefix  = "arXiv",
      primaryClass   = "hep-ex",
      SLACcitation   = "%%CITATION = ARXIV:1403.2552;%%",
}

@article{Abe:2014ugx,
      author         = "Abe, K. and others",
      title          = "{Precise Measurement of the Neutrino Mixing Parameter
                        $\theta_{23}$ from Muon Neutrino Disappearance in an
                        Off-axis Beam}",
      collaboration  = "T2K Collaboration",
      journal        = "Phys.Rev.Lett.",
      volume         = "112",
      pages          = "181801",
      year           = "2014",
      eprint         = "1403.1532",
      archivePrefix  = "arXiv",
      primaryClass   = "hep-ex",
      SLACcitation   = "%%CITATION = ARXIV:1403.1532;%%",
}

@article{Abe:2013hdq,
      author         = "Abe, K. and others",
      title          = "{Observation of Electron Neutrino Appearance in a Muon
                        Neutrino Beam}",
      collaboration  = "T2K Collaboration",
      journal        = "Phys.Rev.Lett.",
      volume         = "112",
      pages          = "061802",
      year           = "2014",
      eprint         = "1311.4750",
      archivePrefix  = "arXiv",
      primaryClass   = "hep-ex",
      SLACcitation   = "%%CITATION = ARXIV:1311.4750;%%",
}

@article{Abe:2013fuq,
      author         = "Abe, K. and others",
      title          = "{Measurement of Neutrino Oscillation Parameters from Muon
                        Neutrino Disappearance with an Off-axis Beam}",
      collaboration  = "T2K Collaboration",
      journal        = "Phys.Rev.Lett.",
      number         = "21",
      volume         = "111",
      pages          = "211803",
      year           = "2013",
      eprint         = "1308.0465",
      archivePrefix  = "arXiv",
      primaryClass   = "hep-ex",
      SLACcitation   = "%%CITATION = ARXIV:1308.0465;%%",
}

@article{Abe:2013xua,
      author         = "Abe, K. and others",
      title          = "{Evidence of Electron Neutrino Appearance in a Muon
                        Neutrino Beam}",
      collaboration  = "T2K Collaboration",
      journal        = "Phys.Rev.",
      number         = "3",
      volume         = "D88",
      pages          = "032002",
      year           = "2013",
      eprint         = "1304.0841",
      archivePrefix  = "arXiv",
      primaryClass   = "hep-ex",
      SLACcitation   = "%%CITATION = ARXIV:1304.0841;%%",
}

@article{Abe:2013jth,
      author         = "Abe, K. and others",
      title          = "{Measurement of the Inclusive NuMu Charged Current Cross
                        Section on Carbon in the Near Detector of the T2K
                        Experiment}",
      collaboration  = "T2K Collaboration",
      journal        = "Phys.Rev.",
      volume         = "D87",
      pages          = "092003",
      year           = "2013",
      eprint         = "1302.4908",
      archivePrefix  = "arXiv",
      primaryClass   = "hep-ex",
      SLACcitation   = "%%CITATION = ARXIV:1302.4908;%%",
}

