@article{Brailsford:2017rxe,
      author         = "Brailsford, Dominic",
      title          = "{Physics Program of the Short-Baseline Near Detector}",
      booktitle      = "{Proceedings, 27th International Conference on Neutrino
                        Physics and Astrophysics (Neutrino 2016): London, United
                        Kingdom, July 4-9, 2016}",
      collaboration  = "SBND",
      journal        = "J. Phys. Conf. Ser.",
      volume         = "888",
      year           = "2017",
      number         = "1",
      pages          = "012186",
      doi            = "10.1088/1742-6596/888/1/012186",
      SLACcitation   = "%%CITATION = 00462,888,012186;%%"
}

