
@article{Abe:2017vif,
      author         = "Abe, K. and others",
      title          = "{Measurement of neutrino and antineutrino oscillations by
                        the T2K experiment including a new additional sample of
                        $\nu_e$ interactions at the far detector}",
      collaboration  = "T2K",
      journal        = "Phys. Rev.",
      volume         = "D96",
      year           = "2017",
      number         = "9",
      pages          = "092006",
      doi            = "10.1103/PhysRevD.96.092006",
      eprint         = "1707.01048",
      archivePrefix  = "arXiv",
      primaryClass   = "hep-ex",
      SLACcitation   = "%%CITATION = ARXIV:1707.01048;%%"
}


@article{Abe:2017ufe,
      author         = "Abe, K. and others",
      title          = "{Measurement of $\bar{\nu}_{\mu}$ and $\nu_{\mu}$ charged
                        current inclusive cross sections and their ratio with the
                        T2K off-axis near detector}",
      collaboration  = "T2K",
      journal        = "Phys. Rev.",
      volume         = "D96",
      year           = "2017",
      number         = "5",
      pages          = "052001",
      doi            = "10.1103/PhysRevD.96.052001",
      eprint         = "1706.04257",
      archivePrefix  = "arXiv",
      primaryClass   = "hep-ex",
      SLACcitation   = "%%CITATION = ARXIV:1706.04257;%%"
}


@article{Abe:2017rfw,
      author         = "Abe, K. and others",
      title          = "{First measurement of the $\nu_{\mu}$ charged-current
                        cross section without pions in the final state on a water
                        target}",
      collaboration  = "T2K",
      year           = "2017",
      eprint         = "1708.06771",
      archivePrefix  = "arXiv",
      primaryClass   = "hep-ex",
      SLACcitation   = "%%CITATION = ARXIV:1708.06771;%%"
}


@article{Abe:2017bay,
      author         = "Abe, K. and others",
      title          = "{Updated T2K measurements of muon neutrino and
                        antineutrino disappearance using 1.5$\times$10$^{21}$
                        protons on target}",
      collaboration  = "T2K",
      journal        = "Phys. Rev.",
      volume         = "D96",
      year           = "2017",
      number         = "1",
      pages          = "011102",
      doi            = "10.1103/PhysRevD.96.011102",
      eprint         = "1704.06409",
      archivePrefix  = "arXiv",
      primaryClass   = "hep-ex",
      SLACcitation   = "%%CITATION = ARXIV:1704.06409;%%"
}


@article{Abe:2017eot,
      author         = "Abe, Ko and others",
      title          = "{Search for Lorentz and CPT violation using sidereal time
                        dependence of neutrino flavor transitions over a short
                        baseline}",
      journal        = "Phys. Rev.",
      volume         = "D95",
      year           = "2017",
      number         = "11",
      pages          = "111101",
      doi            = "10.1103/PhysRevD.95.111101",
      eprint         = "1703.01361",
      archivePrefix  = "arXiv",
      primaryClass   = "hep-ex",
      SLACcitation   = "%%CITATION = ARXIV:1703.01361;%%"
}


@article{Abi:2017aow,
      author         = "Abi, B. and others",
      title          = "{The Single-Phase ProtoDUNE Technical Design Report}",
      collaboration  = "DUNE",
      year           = "2017",
      eprint         = "1706.07081",
      archivePrefix  = "arXiv",
      primaryClass   = "physics.ins-det",
      reportNumber   = "FERMILAB-DESIGN-2017-02",
      SLACcitation   = "%%CITATION = ARXIV:1706.07081;%%"
}


@article{Abe:2017urf,
      author         = "Abe, K. and others",
      title          = "{Measurement of the single $\pi^0$ production rate in
                        neutral current neutrino interactions on water}",
      collaboration  = "T2K",
      year           = "2017",
      eprint         = "1704.07467",
      archivePrefix  = "arXiv",
      primaryClass   = "hep-ex",
      SLACcitation   = "%%CITATION = ARXIV:1704.07467;%%"
}


@article{Abe:2017uxa,
      author         = "Abe, K. and others",
      title          = "{Combined Analysis of Neutrino and Antineutrino
                        Oscillations at T2K}",
      collaboration  = "T2K",
      journal        = "Phys. Rev. Lett.",
      volume         = "118",
      year           = "2017",
      number         = "15",
      pages          = "151801",
      doi            = "10.1103/PhysRevLett.118.151801",
      eprint         = "1701.00432",
      archivePrefix  = "arXiv",
      primaryClass   = "hep-ex",
      SLACcitation   = "%%CITATION = ARXIV:1701.00432;%%"
}


@article{Abe:2016aoo,
      author         = "Abe, K. and others",
      title          = "{First measurement of the muon neutrino charged current
                        single pion production cross section on water with the T2K
                        near detector}",
      collaboration  = "T2K",
      journal        = "Phys. Rev.",
      volume         = "D95",
      year           = "2017",
      number         = "1",
      pages          = "012010",
      doi            = "10.1103/PhysRevD.95.012010",
      eprint         = "1605.07964",
      archivePrefix  = "arXiv",
      primaryClass   = "hep-ex",
      SLACcitation   = "%%CITATION = ARXIV:1605.07964;%%"
}


@article{Abe:2016fic,
      author         = "Abe, K. and others",
      title          = "{Measurement of Coherent $\pi^{+}$ Production in Low
                        Energy Neutrino-Carbon Scattering}",
      collaboration  = "T2K",
      journal        = "Phys. Rev. Lett.",
      volume         = "117",
      year           = "2016",
      number         = "19",
      pages          = "192501",
      doi            = "10.1103/PhysRevLett.117.192501",
      eprint         = "1604.04406",
      archivePrefix  = "arXiv",
      primaryClass   = "hep-ex",
      SLACcitation   = "%%CITATION = ARXIV:1604.04406;%%"
}


@article{Abe:2016tii,
      author         = "Abe, Ko and others",
      title          = "{Proposal for an Extended Run of T2K to $20\times10^{21}$
                        POT}",
      year           = "2016",
      eprint         = "1609.04111",
      archivePrefix  = "arXiv",
      primaryClass   = "hep-ex",
      SLACcitation   = "%%CITATION = ARXIV:1609.04111;%%"
}


@article{Abe:2016tez,
      author         = "Abe, Ko and others",
      title          = "{Sensitivity of the T2K accelerator-based neutrino
                        experiment with an Extended run to $20\times10^{21}$ POT}",
      collaboration  = "T2K",
      year           = "2016",
      eprint         = "1607.08004",
      archivePrefix  = "arXiv",
      primaryClass   = "hep-ex",
      SLACcitation   = "%%CITATION = ARXIV:1607.08004;%%"
}


@article{Abe:2016tmq,
      author         = "Abe, Ko and others",
      title          = "{Measurement of double-differential muon neutrino
                        charged-current interactions on C$_8$H$_8$ without pions
                        in the final state using the T2K off-axis beam}",
      collaboration  = "T2K",
      journal        = "Phys. Rev.",
      volume         = "D93",
      year           = "2016",
      number         = "11",
      pages          = "112012",
      doi            = "10.1103/PhysRevD.93.112012",
      eprint         = "1602.03652",
      archivePrefix  = "arXiv",
      primaryClass   = "hep-ex",
      SLACcitation   = "%%CITATION = ARXIV:1602.03652;%%"
}


@article{Abe:2015ibe,
      author         = "Abe, Ko and others",
      title          = "{Measurement of Muon Antineutrino Oscillations with an
                        Accelerator-Produced Off-Axis Beam}",
      collaboration  = "T2K",
      journal        = "Phys. Rev. Lett.",
      volume         = "116",
      year           = "2016",
      number         = "18",
      pages          = "181801",
      doi            = "10.1103/PhysRevLett.116.181801",
      eprint         = "1512.02495",
      archivePrefix  = "arXiv",
      primaryClass   = "hep-ex",
      SLACcitation   = "%%CITATION = ARXIV:1512.02495;%%"
}



%%% contains utf-8, see: https://inspirehep.net/info/faq/general#utf8
%%% add \usepackage[utf8]{inputenc} to your latex preamble

@article{Abe:2015biq,
      author         = "Abe, K. and others",
      title          = "{Measurement of the muon neutrino inclusive
                        charged-current cross section in the energy range of
                        1–3 GeV with the T2K INGRID detector}",
      collaboration  = "T2K",
      journal        = "Phys. Rev.",
      volume         = "D93",
      year           = "2016",
      number         = "7",
      pages          = "072002",
      doi            = "10.1103/PhysRevD.93.072002",
      eprint         = "1509.06940",
      archivePrefix  = "arXiv",
      primaryClass   = "hep-ex",
      SLACcitation   = "%%CITATION = ARXIV:1509.06940;%%"
}


@article{Abe:2015gna,
      author         = "Abe, K. and others",
      title          = "{Upper bound on neutrino mass based on T2K neutrino
                        timing measurements}",
      collaboration  = "T2K",
      journal        = "Phys. Rev.",
      volume         = "D93",
      year           = "2016",
      number         = "1",
      pages          = "012006",
      doi            = "10.1103/PhysRevD.93.012006",
      eprint         = "1502.06605",
      archivePrefix  = "arXiv",
      primaryClass   = "hep-ex",
      SLACcitation   = "%%CITATION = ARXIV:1502.06605;%%"
}


@article{Acciarri:2016crz,
      author         = "Acciarri, R. and others",
      title          = "{Long-Baseline Neutrino Facility (LBNF) and Deep
                        Underground Neutrino Experiment (DUNE)}",
      collaboration  = "DUNE",
      year           = "2016",
      eprint         = "1601.05471",
      archivePrefix  = "arXiv",
      primaryClass   = "physics.ins-det",
      reportNumber   = "FERMILAB-DESIGN-2016-01",
      SLACcitation   = "%%CITATION = ARXIV:1601.05471;%%"
}


@article{Acciarri:2016ooe,
      author         = "Acciarri, R. and others",
      title          = "{Long-Baseline Neutrino Facility (LBNF) and Deep
                        Underground Neutrino Experiment (DUNE)}",
      collaboration  = "DUNE",
      year           = "2016",
      eprint         = "1601.02984",
      archivePrefix  = "arXiv",
      primaryClass   = "physics.ins-det",
      reportNumber   = "FERMILAB-DESIGN-2016-04",
      SLACcitation   = "%%CITATION = ARXIV:1601.02984;%%"
}


@article{Acciarri:2015uup,
      author         = "Acciarri, R. and others",
      title          = "{Long-Baseline Neutrino Facility (LBNF) and Deep
                        Underground Neutrino Experiment (DUNE)}",
      collaboration  = "DUNE",
      year           = "2015",
      eprint         = "1512.06148",
      archivePrefix  = "arXiv",
      primaryClass   = "physics.ins-det",
      reportNumber   = "FERMILAB-DESIGN-2016-02",
      SLACcitation   = "%%CITATION = ARXIV:1512.06148;%%"
}



%%% contains utf-8, see: https://inspirehep.net/info/faq/general#utf8
%%% add \usepackage[utf8]{inputenc} to your latex preamble

@article{Abe:2014iza,
      author         = "Abe, K. and others",
      title          = "{Measurement of the $\nu_\mu$ charged-current quasielastic
                        cross section on carbon with the ND280 detector at T2K}",
      collaboration  = "T2K",
      journal        = "Phys. Rev.",
      volume         = "D92",
      year           = "2015",
      number         = "11",
      pages          = "112003",
      doi            = "10.1103/PhysRevD.92.112003",
      eprint         = "1411.6264",
      archivePrefix  = "arXiv",
      primaryClass   = "hep-ex",
      SLACcitation   = "%%CITATION = ARXIV:1411.6264;%%"
}


@article{Abe:2014hpa,
      author         = "Abe, K. and others",
      title          = "{Recent Results from the T2K Experiment}",
      booktitle      = "{Proceedings, 9th International Symposium on Cosmology
                        and Particle Astrophysics (CosPA 2012): Taipei, Taiwan,
                        November 13-17, 2012}",
      journal        = "Nucl. Phys. Proc. Suppl.",
      volume         = "246-247",
      year           = "2014",
      pages          = "23-28",
      doi            = "10.1016/j.nuclphysbps.2013.10.060",
      SLACcitation   = "%%CITATION = NUPHZ,246-247,23;%%"
}



%%% contains utf-8, see: https://inspirehep.net/info/faq/general#utf8
%%% add \usepackage[utf8]{inputenc} to your latex preamble

@article{Abe:2015mxf,
      author         = "Abe, K. and others",
      title          = "{Measurement of the electron neutrino charged-current
                        interaction rate on water with the T2K ND280 $\pi^0$
                        detector}",
      collaboration  = "T2K",
      journal        = "Phys. Rev.",
      volume         = "D91",
      year           = "2015",
      pages          = "112010",
      doi            = "10.1103/PhysRevD.91.112010",
      eprint         = "1503.08815",
      archivePrefix  = "arXiv",
      primaryClass   = "hep-ex",
      SLACcitation   = "%%CITATION = ARXIV:1503.08815;%%"
}


@article{Abe:2015oar,
      author         = "Abe, K. and others",
      title          = "{Measurement of the $\nu_{\mu}$ charged current
                        quasielastic cross section on carbon with the T2K on-axis
                        neutrino beam}",
      collaboration  = "T2K",
      journal        = "Phys. Rev.",
      volume         = "D91",
      year           = "2015",
      number         = "11",
      pages          = "112002",
      doi            = "10.1103/PhysRevD.91.112002",
      eprint         = "1503.07452",
      archivePrefix  = "arXiv",
      primaryClass   = "hep-ex",
      SLACcitation   = "%%CITATION = ARXIV:1503.07452;%%"
}



%%% contains utf-8, see: https://inspirehep.net/info/faq/general#utf8
%%% add \usepackage[utf8]{inputenc} to your latex preamble

@article{Abe:2015awa,
      author         = "Abe, K. and others",
      title          = "{Measurements of neutrino oscillation in appearance and
                        disappearance channels by the T2K experiment with
                        6.6×10$^{20}$ protons on target}",
      collaboration  = "T2K",
      journal        = "Phys. Rev.",
      volume         = "D91",
      year           = "2015",
      number         = "7",
      pages          = "072010",
      doi            = "10.1103/PhysRevD.91.072010",
      eprint         = "1502.01550",
      archivePrefix  = "arXiv",
      primaryClass   = "hep-ex",
      SLACcitation   = "%%CITATION = ARXIV:1502.01550;%%"
}


@article{Abe:2014tzr,
      author         = "Abe, K. and others",
      title          = "{Neutrino oscillation physics potential of the T2K
                        experiment}",
      collaboration  = "T2K",
      journal        = "PTEP",
      volume         = "2015",
      year           = "2015",
      number         = "4",
      pages          = "043C01",
      doi            = "10.1093/ptep/ptv031",
      eprint         = "1409.7469",
      archivePrefix  = "arXiv",
      primaryClass   = "hep-ex",
      SLACcitation   = "%%CITATION = ARXIV:1409.7469;%%"
}


@article{Abe:2014nuo,
      author         = "Abe, K. and others",
      title          = "{Search for short baseline $\nu_e$ disappearance with the
                        T2K near detector}",
      collaboration  = "T2K",
      journal        = "Phys. Rev.",
      volume         = "D91",
      year           = "2015",
      pages          = "051102",
      doi            = "10.1103/PhysRevD.91.051102",
      eprint         = "1410.8811",
      archivePrefix  = "arXiv",
      primaryClass   = "hep-ex",
      SLACcitation   = "%%CITATION = ARXIV:1410.8811;%%"
}


@phdthesis{Brailsford:2015axo,
      author         = "Brailsford, Dominic",
      title          = "{Measurement of the charged current inclusive muon
                        neutrino interaction cross-section on lead using the T2K
                        ND280 electromagnetic calorimeters}",
      school         = "Imperial Coll., London",
      year           = "2015",
      url            = "http://www.t2k.org/docs/thesis/066",
      handle         = "10044/1/31387",
      reportNumber   = "T2K-THESIS-066",
      SLACcitation   = "%%CITATION = T2K-THESIS-066;%%"
}


@article{Abe:2014agb,
      author         = "Abe, K. and others",
      title          = "{Measurement of the Inclusive Electron Neutrino Charged
                        Current Cross Section on Carbon with the T2K Near
                        Detector}",
      collaboration  = "T2K",
      journal        = "Phys. Rev. Lett.",
      volume         = "113",
      year           = "2014",
      number         = "24",
      pages          = "241803",
      doi            = "10.1103/PhysRevLett.113.241803",
      eprint         = "1407.7389",
      archivePrefix  = "arXiv",
      primaryClass   = "hep-ex",
      SLACcitation   = "%%CITATION = ARXIV:1407.7389;%%"
}


@article{Abe:2014dyd,
      author         = "Abe, K. and others",
      title          = "{Measurement of the neutrino-oxygen neutral-current
                        interaction cross section by observing nuclear
                        deexcitation $\gamma$ rays}",
      collaboration  = "T2K",
      journal        = "Phys. Rev.",
      volume         = "D90",
      year           = "2014",
      number         = "7",
      pages          = "072012",
      doi            = "10.1103/PhysRevD.90.072012",
      eprint         = "1403.3140",
      archivePrefix  = "arXiv",
      primaryClass   = "hep-ex",
      SLACcitation   = "%%CITATION = ARXIV:1403.3140;%%"
}


@article{Abe:2014nox,
      author         = "Abe, K. and others",
      title          = "{Measurement of the inclusive $\nu_{\mu}$ charged current
                        cross section on iron and hydrocarbon in the T2K on-axis
                        neutrino beam}",
      collaboration  = "T2K",
      journal        = "Phys. Rev.",
      volume         = "D90",
      year           = "2014",
      number         = "5",
      pages          = "052010",
      doi            = "10.1103/PhysRevD.90.052010",
      eprint         = "1407.4256",
      archivePrefix  = "arXiv",
      primaryClass   = "hep-ex",
      SLACcitation   = "%%CITATION = ARXIV:1407.4256;%%"
}


@article{Abe:2014ugx,
      author         = "Abe, K. and others",
      title          = "{Precise Measurement of the Neutrino Mixing Parameter
                        $\theta_{23}$ from Muon Neutrino Disappearance in an
                        Off-Axis Beam}",
      collaboration  = "T2K",
      journal        = "Phys. Rev. Lett.",
      volume         = "112",
      year           = "2014",
      number         = "18",
      pages          = "181801",
      doi            = "10.1103/PhysRevLett.112.181801",
      eprint         = "1403.1532",
      archivePrefix  = "arXiv",
      primaryClass   = "hep-ex",
      SLACcitation   = "%%CITATION = ARXIV:1403.1532;%%"
}


@article{Abe:2014usb,
      author         = "Abe, K. and others",
      title          = "{Measurement of the intrinsic electron neutrino component
                        in the T2K neutrino beam with the ND280 detector}",
      collaboration  = "T2K",
      journal        = "Phys. Rev.",
      volume         = "D89",
      year           = "2014",
      pages          = "092003",
      doi            = "10.1103/PhysRevD.89.099902, 10.1103/PhysRevD.89.092003",
      note           = "[Phys. Rev.D89,099902(2014)]",
      eprint         = "1403.2552",
      archivePrefix  = "arXiv",
      primaryClass   = "hep-ex",
      SLACcitation   = "%%CITATION = ARXIV:1403.2552;%%"
}


@article{Abe:2013hdq,
      author         = "Abe, K. and others",
      title          = "{Observation of Electron Neutrino Appearance in a Muon
                        Neutrino Beam}",
      collaboration  = "T2K",
      journal        = "Phys. Rev. Lett.",
      volume         = "112",
      year           = "2014",
      pages          = "061802",
      doi            = "10.1103/PhysRevLett.112.061802",
      eprint         = "1311.4750",
      archivePrefix  = "arXiv",
      primaryClass   = "hep-ex",
      SLACcitation   = "%%CITATION = ARXIV:1311.4750;%%"
}


@article{Abe:2013fuq,
      author         = "Abe, K. and others",
      title          = "{Measurement of Neutrino Oscillation Parameters from Muon
                        Neutrino Disappearance with an Off-axis Beam}",
      collaboration  = "T2K",
      journal        = "Phys. Rev. Lett.",
      volume         = "111",
      year           = "2013",
      number         = "21",
      pages          = "211803",
      doi            = "10.1103/PhysRevLett.111.211803",
      eprint         = "1308.0465",
      archivePrefix  = "arXiv",
      primaryClass   = "hep-ex",
      SLACcitation   = "%%CITATION = ARXIV:1308.0465;%%"
}


@article{Abe:2013xua,
      author         = "Abe, K. and others",
      title          = "{Evidence of Electron Neutrino Appearance in a Muon
                        Neutrino Beam}",
      collaboration  = "T2K",
      journal        = "Phys. Rev.",
      volume         = "D88",
      year           = "2013",
      number         = "3",
      pages          = "032002",
      doi            = "10.1103/PhysRevD.88.032002",
      eprint         = "1304.0841",
      archivePrefix  = "arXiv",
      primaryClass   = "hep-ex",
      SLACcitation   = "%%CITATION = ARXIV:1304.0841;%%"
}



